@manual{cern2016opense,
title={OpenSE: A Systems Engineering Framework Tailored for Scientific Facilities},
author={CERN Engineering Department},
organization={CERN},
year={2016},
note={Version 1.0},
url={https://project-opense.web.cern.ch}
}

@manual{npr7123.1D,
  author={{National Aeronautics and Space Administration}},
  title={{NASA Procedural Requirements 7123.1D: NASA Systems Engineering Processes and Requirements}},
  address={Washington, D.C.},
  month={July},
  year={2023},
  url={https://nodis3.gsfc.nasa.gov/displayDir.cfm?t=NPR&c=7123&s=1D}
}

@article{bonnal2018opense,
author={P. Bonnal and B. F{\'e}ral and K. Kershaw and B. Nicquevert and M. Baudin and L. Lari and J. Le Cardinal},
title={openSE: A Systems Engineering Framework Particularly Suited to Particle Accelerator Studies and Development Projects},
journal={arXiv preprint arXiv:1801.03836},
year={2018},
url={https://arxiv.org/abs/1801.03836}
}

@misc{bonnal2018opensesystemsengineeringframework,
title={openSE: A Systems engineering framework particularly suited to particle accelerator studies and development projects}, 
author={P. Bonnal and B. Féral and K. Kershaw and B. Nicquevert and M. Baudin and L. Lari and J. Le Cardinal},
year={2018},
eprint={1801.03836},
archivePrefix={arXiv},
primaryClass={physics.acc-ph},
url={https://arxiv.org/abs/1801.03836}, 
}

@book{nasa2016handbook,
title={NASA Systems Engineering Handbook},
author={{National Aeronautics and Space Administration}},
year={2016},
publisher={NASA Headquarters},
address={Washington, D.C.},
series={NASA/SP-2016-6105 Rev 2},
url={https://ntrs.nasa.gov/citations/20170001761},
note={NASA/SP-2016-6105 Rev 2}
}

@book{incose2023handbook,
author={{INCOSE}},
title={INCOSE Systems Engineering Handbook: A Guide for System Life Cycle Processes and Activities},
edition={5th},
year={2023},
publisher={John Wiley \& Sons},
address={Hoboken, NJ},
isbn={9781119814150},
url={https://www.incose.org/products-and-publications/se-handbook}
}

@article{Kaeske_Wagner_Albers_Russenschuck_2024, 
title={Tool support for implementing a methodology in magnet development projects at CERN}, 
volume={4}, 
DOI={10.1017/pds.2024.264}, 
journal={Proceedings of the Design Society}, 
author={Kaeske, Jens and Wagner, Erik and Albers, Albert and Russenschuck, Stephan}, 
year={2024}, 
pages={2615–2624}
}

@misc{openai2025cernopenseagent,
  author={{OpenAI}},
  title={{CERN OpenSE Agent (ChatGPT)}},
  year={2025},
  howpublished={\url{https://chat.openai.com/}},
  note={Custom ChatGPT instance trained for CERN OpenSE framework support}
}

@inproceedings{fulopSEmodel,
author = {Fulop, Lajos and Kiss, Imre and Kecskés, Tamara and Mohacsi, Arpad and Schrettner, Lajos and Horvath, Ferenc and Meszaros, Gergo and Gaizer, Tamas and Montano, Jacobo},
year = {2017},
month = {10},
pages = {1-8},
title = {Potential factors influencing systems engineering and integration: A model and its application to the ELI-ALPS' research technology systems},
doi = {10.1109/SysEng.2017.8088284}
}

@article{pmScale2024,
author={Joseph W. Harrison and Michael A. Lewis and Jens K. Roehrich and Andrew Davies},
title={Scale in Project Management: A Review and Research Agenda},
journal={Project Management Journal},
volume={55},
number={6},
pages={708-722},
year={2024},
doi={10.1177/87569728241256611},
URL={https://doi.org/10.1177/87569728241256611},
eprint={https://doi.org/10.1177/87569728241256611}
}

@article{r&dSE,
author={DiMario, Michael and Mastin, Gary and Hahn, Heidi and Hodges, Ann and Lombardo, Nick},
title={Perceived Conflicts of Systems Engineering in Early-Stage Research and Development},
journal={INSIGHT},
volume={24},
number={3},
pages={8-14},
doi={https://doi.org/10.1002/inst.12342},
url={https://incose.onlinelibrary.wiley.com/doi/abs/10.1002/inst.12342},
eprint={https://incose.onlinelibrary.wiley.com/doi/pdf/10.1002/inst.12342},
year={2021}
}

@article{r&dSEbridge,
author = {Hodges, Ann and Granados, Arno},
title = {A Bridge Blueprint to Span the Chasm Between Research and Engineering — A Framework for Systems Engineering in Early-Stage Research and Development},
journal = {INSIGHT},
volume = {26},
number = {3},
pages = {15-25},
doi = {https://doi.org/10.1002/inst.12452},
url = {https://incose.onlinelibrary.wiley.com/doi/abs/10.1002/inst.12452},
eprint = {https://incose.onlinelibrary.wiley.com/doi/pdf/10.1002/inst.12452},
year = {2023}
}

@misc{ornlCoherent,
title={What is Coherent Elastic Neutrino-Nucleus Scattering?},
author= {Jason Newby},
howpublished={\url{https://www.ornl.gov/division/pd/coherent}},
organization={Oak Ridge National Laboratory},
year={2025},
urldate={2025-10-11},
note={Physics Division, Oak Ridge National Laboratory}
}

@misc{sebok_economic_value,
  author={{INCOSE, IEEE Computer Society, and Stevens Institute of Technology}},
  title={Economic Value of Systems Engineering},
  year={2025},
  howpublished={\url{https://sebokwiki.org/wiki/Economic_Value_of_Systems_Engineering}},
}

@InProceedings{experimentMetrics,
author="Stotz, Nils
and Drews, Paul",
editor="Peter, Sibylle
and Kropp, Martin
and Aguiar, Ademar
and Anslow, Craig
and Lunesu, Maria Ilaria
and Pinna, Andrea",
title="Metrics for Experimentation Programs: Categories, Benefits and Challenges",
booktitle="Agile Processes in Software Engineering and Extreme Programming",
year="2025",
publisher="Springer Nature Switzerland",
address="Cham",
pages="210--225",
isbn="978-3-031-94544-1"
}

@article{academicsPerceptionSE,
author = {Honoré-Livermore, Evelyn and Fossum, Knut Robert and Veitch, Erik},
title = {Academics' perception of systems engineering and applied research projects},
journal = {Systems Engineering},
volume = {25},
number = {1},
pages = {19-34},
keywords = {project management, projects, research, systems engineering},
doi = {https://doi.org/10.1002/sys.21599},
url = {https://incose.onlinelibrary.wiley.com/doi/abs/10.1002/sys.21599},
eprint = {https://incose.onlinelibrary.wiley.com/doi/pdf/10.1002/sys.21599},
year = {2022}
}

@techreport{gao2020tra,
  title = {Technology Readiness Assessment Guide: Best Practices for Evaluating the Readiness of Technology for Use in Acquisition Programs and Projects},
  institution = {U.S. Government Accountability Office},
  author = {{U.S. Government Accountability Office}},
  year  = {2020},
  number = {GAO-20-48G},
  month={January},
  url={https://www.gao.gov/assets/gao-20-48g.pdf},
}